[gd_scene load_steps=18 format=2]

[ext_resource path="res://Assets/Character/basic/basic_idle_01.png" type="Texture" id=1]
[ext_resource path="res://Script/Player.gd" type="Script" id=2]
[ext_resource path="res://Assets/Light2.png" type="Texture" id=3]
[ext_resource path="res://Assets/Character/basic/basic_run_02.png" type="Texture" id=4]
[ext_resource path="res://Assets/Character/basic/basic_run_08.png" type="Texture" id=5]
[ext_resource path="res://Assets/Character/basic/basic_run_04.png" type="Texture" id=6]
[ext_resource path="res://Assets/Character/basic/basic_run_05.png" type="Texture" id=7]
[ext_resource path="res://Assets/Character/basic/basic_idle_03.png" type="Texture" id=8]
[ext_resource path="res://Assets/Character/basic/basic_run_07.png" type="Texture" id=9]
[ext_resource path="res://Assets/Character/basic/basic_run_03.png" type="Texture" id=10]
[ext_resource path="res://Assets/Character/basic/basic_run_01.png" type="Texture" id=11]
[ext_resource path="res://Assets/Character/basic/basic_idle_02.png" type="Texture" id=12]
[ext_resource path="res://Assets/Character/basic/basic_idle_04.png" type="Texture" id=13]
[ext_resource path="res://Assets/Character/basic/basic_run_06.png" type="Texture" id=14]
[ext_resource path="res://Scene/Entity/Stamina.gd" type="Script" id=15]

[sub_resource type="RectangleShape2D" id=1]
extents = Vector2( 4.00772, 4.50152 )

[sub_resource type="SpriteFrames" id=2]
animations = [ {
"frames": [ ExtResource( 1 ), ExtResource( 12 ), ExtResource( 8 ), ExtResource( 13 ) ],
"loop": true,
"name": "Idle",
"speed": 5.0
}, {
"frames": [ ExtResource( 11 ), ExtResource( 4 ), ExtResource( 10 ), ExtResource( 6 ), ExtResource( 7 ), ExtResource( 14 ), ExtResource( 9 ), ExtResource( 5 ) ],
"loop": true,
"name": "Walk",
"speed": 7.0
} ]

[node name="Player" type="KinematicBody2D"]
script = ExtResource( 2 )

[node name="Camera2D" type="Camera2D" parent="."]
current = true

[node name="CollisionShape2D" type="CollisionShape2D" parent="."]
position = Vector2( -3.8147e-06, 0.529732 )
shape = SubResource( 1 )

[node name="Light2D" type="Light2D" parent="."]
texture = ExtResource( 3 )
texture_scale = 0.15
shadow_enabled = true

[node name="AnimatedSprite" type="AnimatedSprite" parent="."]
position = Vector2( 0.066364, 0.308204 )
frames = SubResource( 2 )
animation = "Walk"
frame = 1
playing = true

[node name="Stamina" type="Node" parent="."]
script = ExtResource( 15 )
